%YAML 1.1
%TAG !u! tag:unity3d.com,2011:
--- !u!1 &1018893101406065007
GameObject:
  m_ObjectHideFlags: 0
  m_CorrespondingSourceObject: {fileID: 0}
  m_PrefabInstance: {fileID: 0}
  m_PrefabAsset: {fileID: 0}
  serializedVersion: 6
  m_Component:
  - component: {fileID: 637968678970498892}
  - component: {fileID: 4017424731594412540}
  m_Layer: 0
  m_Name: brick_box_color
  m_TagString: Untagged
  m_Icon: {fileID: 0}
  m_NavMeshLayer: 0
  m_StaticEditorFlags: 0
  m_IsActive: 1
--- !u!4 &637968678970498892
Transform:
  m_ObjectHideFlags: 0
  m_CorrespondingSourceObject: {fileID: 0}
  m_PrefabInstance: {fileID: 0}
  m_PrefabAsset: {fileID: 0}
  m_GameObject: {fileID: 1018893101406065007}
  m_LocalRotation: {x: 0, y: 0, z: 0, w: 1}
  m_LocalPosition: {x: 0, y: 0, z: 0}
  m_LocalScale: {x: 1, y: 1, z: 1}
  m_Children:
  - {fileID: 7227031612411206703}
  - {fileID: 2190607488297759812}
  - {fileID: 4779243701329952680}
  m_Father: {fileID: 0}
  m_RootOrder: 0
  m_LocalEulerAnglesHint: {x: 0, y: 0, z: 0}
--- !u!114 &4017424731594412540
MonoBehaviour:
  m_ObjectHideFlags: 0
  m_CorrespondingSourceObject: {fileID: 0}
  m_PrefabInstance: {fileID: 0}
  m_PrefabAsset: {fileID: 0}
  m_GameObject: {fileID: 1018893101406065007}
  m_Enabled: 1
  m_EditorHideFlags: 0
  m_Script: {fileID: 11500000, guid: 647d7f2472a2c1140a267c0810a1cf58, type: 3}
  m_Name: 
  m_EditorClassIdentifier: 
  hero: {fileID: 0}
  origin: {x: 0, y: 0, z: 0}
  originUnreached: {x: 0, y: 0, z: 0}
--- !u!1 &6847552022436560736
GameObject:
  m_ObjectHideFlags: 0
  m_CorrespondingSourceObject: {fileID: 0}
  m_PrefabInstance: {fileID: 0}
  m_PrefabAsset: {fileID: 0}
  serializedVersion: 6
  m_Component:
  - component: {fileID: 7227031612411206703}
  - component: {fileID: 7064139600335651604}
  m_Layer: 0
  m_Name: Collider
  m_TagString: Untagged
  m_Icon: {fileID: 0}
  m_NavMeshLayer: 0
  m_StaticEditorFlags: 0
  m_IsActive: 1
--- !u!4 &7227031612411206703
Transform:
  m_ObjectHideFlags: 0
  m_CorrespondingSourceObject: {fileID: 0}
  m_PrefabInstance: {fileID: 0}
  m_PrefabAsset: {fileID: 0}
  m_GameObject: {fileID: 6847552022436560736}
  m_LocalRotation: {x: 0, y: 0, z: 0, w: 1}
  m_LocalPosition: {x: 0, y: 0, z: 0}
  m_LocalScale: {x: 1, y: 1, z: 1}
  m_Children: []
  m_Father: {fileID: 637968678970498892}
  m_RootOrder: 0
  m_LocalEulerAnglesHint: {x: 0, y: 0, z: 0}
--- !u!65 &7064139600335651604
BoxCollider:
  m_ObjectHideFlags: 0
  m_CorrespondingSourceObject: {fileID: 0}
  m_PrefabInstance: {fileID: 0}
  m_PrefabAsset: {fileID: 0}
  m_GameObject: {fileID: 6847552022436560736}
  m_Material: {fileID: 0}
  m_IsTrigger: 0
  m_Enabled: 1
  serializedVersion: 2
  m_Size: {x: 1.4, y: 1.4, z: 1.4}
  m_Center: {x: 0, y: 0, z: 0}
--- !u!1001 &516220836635661490
PrefabInstance:
  m_ObjectHideFlags: 0
  serializedVersion: 2
  m_Modification:
    m_TransformParent: {fileID: 637968678970498892}
    m_Modifications:
    - target: {fileID: -4216859302048453862, guid: 7d2de98948ed87e49b6b890baac92b4a,
        type: 3}
      propertyPath: m_LocalPosition.x
      value: -0
      objectReference: {fileID: 0}
    - target: {fileID: -4216859302048453862, guid: 7d2de98948ed87e49b6b890baac92b4a,
        type: 3}
      propertyPath: m_LocalPosition.y
      value: 0
      objectReference: {fileID: 0}
    - target: {fileID: -4216859302048453862, guid: 7d2de98948ed87e49b6b890baac92b4a,
        type: 3}
      propertyPath: m_LocalPosition.z
      value: 0
      objectReference: {fileID: 0}
    - target: {fileID: -4216859302048453862, guid: 7d2de98948ed87e49b6b890baac92b4a,
        type: 3}
      propertyPath: m_LocalRotation.x
      value: 0
      objectReference: {fileID: 0}
    - target: {fileID: -4216859302048453862, guid: 7d2de98948ed87e49b6b890baac92b4a,
        type: 3}
      propertyPath: m_LocalRotation.y
      value: 0.7071068
      objectReference: {fileID: 0}
    - target: {fileID: -4216859302048453862, guid: 7d2de98948ed87e49b6b890baac92b4a,
        type: 3}
      propertyPath: m_LocalRotation.z
      value: 0.7071068
      objectReference: {fileID: 0}
    - target: {fileID: -4216859302048453862, guid: 7d2de98948ed87e49b6b890baac92b4a,
        type: 3}
      propertyPath: m_LocalRotation.w
      value: 0
      objectReference: {fileID: 0}
    - target: {fileID: -4216859302048453862, guid: 7d2de98948ed87e49b6b890baac92b4a,
        type: 3}
      propertyPath: m_RootOrder
      value: 2
      objectReference: {fileID: 0}
    - target: {fileID: -4216859302048453862, guid: 7d2de98948ed87e49b6b890baac92b4a,
        type: 3}
      propertyPath: m_LocalEulerAnglesHint.x
      value: -90.00001
      objectReference: {fileID: 0}
    - target: {fileID: -4216859302048453862, guid: 7d2de98948ed87e49b6b890baac92b4a,
        type: 3}
      propertyPath: m_LocalEulerAnglesHint.y
      value: 180
      objectReference: {fileID: 0}
    - target: {fileID: -4216859302048453862, guid: 7d2de98948ed87e49b6b890baac92b4a,
        type: 3}
      propertyPath: m_LocalEulerAnglesHint.z
      value: 0
      objectReference: {fileID: 0}
    - target: {fileID: -4216859302048453862, guid: 7d2de98948ed87e49b6b890baac92b4a,
        type: 3}
      propertyPath: m_LocalScale.x
      value: 1.4
      objectReference: {fileID: 0}
    - target: {fileID: -4216859302048453862, guid: 7d2de98948ed87e49b6b890baac92b4a,
        type: 3}
      propertyPath: m_LocalScale.y
      value: 1.4
      objectReference: {fileID: 0}
    - target: {fileID: -4216859302048453862, guid: 7d2de98948ed87e49b6b890baac92b4a,
        type: 3}
      propertyPath: m_LocalScale.z
      value: 1.4
      objectReference: {fileID: 0}
    - target: {fileID: -1504981713932161579, guid: 7d2de98948ed87e49b6b890baac92b4a,
        type: 3}
      propertyPath: m_Materials.Array.data[0]
      value: 
      objectReference: {fileID: 2100000, guid: 66dba4122ee8259459db13184471add2, type: 2}
    - target: {fileID: -1504981713932161579, guid: 7d2de98948ed87e49b6b890baac92b4a,
        type: 3}
      propertyPath: m_ReceiveShadows
      value: 0
      objectReference: {fileID: 0}
    - target: {fileID: -1504981713932161579, guid: 7d2de98948ed87e49b6b890baac92b4a,
        type: 3}
      propertyPath: m_CastShadows
      value: 0
      objectReference: {fileID: 0}
    - target: {fileID: -927199367670048503, guid: 7d2de98948ed87e49b6b890baac92b4a,
        type: 3}
      propertyPath: m_Name
      value: box_box_color_1_1_1
      objectReference: {fileID: 0}
    m_RemovedComponents: []
  m_SourcePrefab: {fileID: 100100000, guid: 7d2de98948ed87e49b6b890baac92b4a, type: 3}
--- !u!4 &4779243701329952680 stripped
Transform:
  m_CorrespondingSourceObject: {fileID: -4216859302048453862, guid: 7d2de98948ed87e49b6b890baac92b4a,
    type: 3}
  m_PrefabInstance: {fileID: 516220836635661490}
  m_PrefabAsset: {fileID: 0}
--- !u!1001 &6565172015208456030
PrefabInstance:
  m_ObjectHideFlags: 0
  serializedVersion: 2
  m_Modification:
    m_TransformParent: {fileID: 637968678970498892}
    m_Modifications:
    - target: {fileID: -4216859302048453862, guid: 28b65e8afa4e49d41ac8d3fec31a4f27,
        type: 3}
      propertyPath: m_LocalPosition.x
      value: -0
      objectReference: {fileID: 0}
    - target: {fileID: -4216859302048453862, guid: 28b65e8afa4e49d41ac8d3fec31a4f27,
        type: 3}
      propertyPath: m_LocalPosition.y
      value: 0
      objectReference: {fileID: 0}
    - target: {fileID: -4216859302048453862, guid: 28b65e8afa4e49d41ac8d3fec31a4f27,
        type: 3}
      propertyPath: m_LocalPosition.z
      value: 0
      objectReference: {fileID: 0}
    - target: {fileID: -4216859302048453862, guid: 28b65e8afa4e49d41ac8d3fec31a4f27,
        type: 3}
      propertyPath: m_LocalRotation.x
      value: 0
      objectReference: {fileID: 0}
    - target: {fileID: -4216859302048453862, guid: 28b65e8afa4e49d41ac8d3fec31a4f27,
        type: 3}
      propertyPath: m_LocalRotation.y
      value: 0.7071068
      objectReference: {fileID: 0}
    - target: {fileID: -4216859302048453862, guid: 28b65e8afa4e49d41ac8d3fec31a4f27,
        type: 3}
      propertyPath: m_LocalRotation.z
      value: 0.7071068
      objectReference: {fileID: 0}
    - target: {fileID: -4216859302048453862, guid: 28b65e8afa4e49d41ac8d3fec31a4f27,
        type: 3}
      propertyPath: m_LocalRotation.w
      value: 0
      objectReference: {fileID: 0}
    - target: {fileID: -4216859302048453862, guid: 28b65e8afa4e49d41ac8d3fec31a4f27,
        type: 3}
      propertyPath: m_RootOrder
      value: 1
      objectReference: {fileID: 0}
    - target: {fileID: -4216859302048453862, guid: 28b65e8afa4e49d41ac8d3fec31a4f27,
        type: 3}
      propertyPath: m_LocalEulerAnglesHint.x
      value: -90.00001
      objectReference: {fileID: 0}
    - target: {fileID: -4216859302048453862, guid: 28b65e8afa4e49d41ac8d3fec31a4f27,
        type: 3}
      propertyPath: m_LocalEulerAnglesHint.y
      value: 180
      objectReference: {fileID: 0}
    - target: {fileID: -4216859302048453862, guid: 28b65e8afa4e49d41ac8d3fec31a4f27,
        type: 3}
      propertyPath: m_LocalEulerAnglesHint.z
      value: 0
      objectReference: {fileID: 0}
    - target: {fileID: -4216859302048453862, guid: 28b65e8afa4e49d41ac8d3fec31a4f27,
        type: 3}
      propertyPath: m_LocalScale.x
      value: 1.4
      objectReference: {fileID: 0}
    - target: {fileID: -4216859302048453862, guid: 28b65e8afa4e49d41ac8d3fec31a4f27,
        type: 3}
      propertyPath: m_LocalScale.y
      value: 1.4
      objectReference: {fileID: 0}
    - target: {fileID: -4216859302048453862, guid: 28b65e8afa4e49d41ac8d3fec31a4f27,
        type: 3}
      propertyPath: m_LocalScale.z
      value: 1.4
      objectReference: {fileID: 0}
    - target: {fileID: -1504981713932161579, guid: 28b65e8afa4e49d41ac8d3fec31a4f27,
        type: 3}
      propertyPath: m_ReceiveShadows
      value: 1
      objectReference: {fileID: 0}
    - target: {fileID: -1504981713932161579, guid: 28b65e8afa4e49d41ac8d3fec31a4f27,
        type: 3}
      propertyPath: m_CastShadows
      value: 0
      objectReference: {fileID: 0}
    - target: {fileID: -927199367670048503, guid: 28b65e8afa4e49d41ac8d3fec31a4f27,
        type: 3}
      propertyPath: m_Name
      value: box_box_1_1_1
      objectReference: {fileID: 0}
    m_RemovedComponents: []
  m_SourcePrefab: {fileID: 100100000, guid: 28b65e8afa4e49d41ac8d3fec31a4f27, type: 3}
--- !u!4 &2190607488297759812 stripped
Transform:
  m_CorrespondingSourceObject: {fileID: -4216859302048453862, guid: 28b65e8afa4e49d41ac8d3fec31a4f27,
    type: 3}
  m_PrefabInstance: {fileID: 6565172015208456030}
  m_PrefabAsset: {fileID: 0}
